<record><leader>00000cas a22000007a 4500</leader><controlfield tag="001">35303494</controlfield><controlfield tag="008">960826d19201929okuwr n       0    0eng d</controlfield><datafield ind1=" " ind2=" " tag="010"><subfield code="a">sn 96093912 </subfield></datafield><datafield ind1=" " ind2=" " tag="040"><subfield code="a">OBN</subfield><subfield code="b">eng</subfield><subfield code="c">OBN</subfield><subfield code="d">OCLCQ</subfield><subfield code="d">OCLCF</subfield><subfield code="d">OCLCO</subfield></datafield><datafield ind1="1" ind2=" " tag="029"><subfield code="a">AU@</subfield><subfield code="b">000012845390</subfield></datafield><datafield ind1=" " ind2=" " tag="042"><subfield code="a">msc</subfield></datafield><datafield ind1=" " ind2=" " tag="043"><subfield code="a">n-us-ok</subfield></datafield><datafield ind1="0" ind2=" " tag="130"><subfield code="a">Craig County gazette (Vinita, Okla.)</subfield></datafield><datafield ind1="1" ind2="4" tag="245"><subfield code="a">The Craig County gazette.</subfield></datafield><datafield ind1=" " ind2=" " tag="260"><subfield code="a">Vinita, Okla. :</subfield><subfield code="b">P.S. Vandament, May Farmer, and H.M. Woods</subfield></datafield><datafield ind1=" " ind2=" " tag="300"><subfield code="a">v.</subfield></datafield><datafield ind1=" " ind2=" " tag="310"><subfield code="a">Weekly</subfield></datafield><datafield ind1="0" ind2=" " tag="362"><subfield code="a">Vol. 19, no. 24 (Oct. 7, 1920)-</subfield></datafield><datafield ind1="1" ind2=" " tag="362"><subfield code="a">Ceased July 18, 1929.</subfield></datafield><datafield ind1=" " ind2=" " tag="580"><subfield code="a">Issued with: Centralia register, June 28, 1923-Dec. 22, 1927, and: Ketchum news, Nov. 1, 1923-Dec 9, 1926, and: Bluejacket news, Jan. 10, 1924-Dec. 22, 1927.</subfield></datafield><datafield ind1=" " ind2="0" tag="651"><subfield code="a">Vinita (Okla.)</subfield><subfield code="v">Newspapers.</subfield></datafield><datafield ind1=" " ind2="0" tag="651"><subfield code="a">Craig County (Okla.)</subfield><subfield code="v">Newspapers.</subfield></datafield><datafield ind1=" " ind2="7" tag="655"><subfield code="a">Newspapers.</subfield><subfield code="2">fast</subfield><subfield code="0">(OCoLC)fst01423814</subfield></datafield><datafield ind1=" " ind2="7" tag="651"><subfield code="a">Oklahoma</subfield><subfield code="z">Craig County.</subfield><subfield code="2">fast</subfield><subfield code="0">(OCoLC)fst01207172</subfield></datafield><datafield ind1=" " ind2="7" tag="651"><subfield code="a">Oklahoma</subfield><subfield code="z">Vinita.</subfield><subfield code="2">fast</subfield><subfield code="0">(OCoLC)fst01220562</subfield></datafield><datafield ind1=" " ind2=" " tag="752"><subfield code="a">United States</subfield><subfield code="b">Oklahoma</subfield><subfield code="c">Craig</subfield><subfield code="d">Vinita.</subfield></datafield><datafield ind1="0" ind2=" " tag="777"><subfield code="t">Centralia register</subfield><subfield code="w">(DLC)sn 96093914</subfield><subfield code="w">(OCoLC)35303606</subfield></datafield><datafield ind1="0" ind2=" " tag="777"><subfield code="t">Ketchum news</subfield><subfield code="w">(DLC)sn 96093916</subfield><subfield code="w">(OCoLC)35303804</subfield></datafield><datafield ind1="0" ind2=" " tag="777"><subfield code="t">Bluejacket news (Bluejacket, Okla.)</subfield><subfield code="w">(DLC)sn 96093915</subfield><subfield code="w">(OCoLC)35303668</subfield></datafield><datafield ind1="0" ind2="0" tag="780"><subfield code="t">Bluejacket gazette</subfield><subfield code="w">(DLC)sn 96093911</subfield><subfield code="w">(OCoLC)35303377</subfield></datafield><datafield ind1="0" ind2="5" tag="780"><subfield code="t">Centralia register</subfield><subfield code="w">(DLC)sn 96093914</subfield><subfield code="w">(OCoLC)35303606</subfield></datafield><datafield ind1="0" ind2="4" tag="785"><subfield code="t">Vinita leader</subfield><subfield code="w">(DLC)sn 86064131</subfield><subfield code="w">(OCoLC)13646071</subfield></datafield></record>